%% This BibTeX bibliography file was created using BibDesk.
%% http://bibdesk.sourceforge.net/

%% Created for Marcel Fraas at 2017-02-05 15:17:02 +0100 


%% Saved with string encoding Unicode (UTF-8) 



@book{FAY:96,
	Author = {Fayyad U. M.},
	Date-Added = {2017-02-05 13:52:37 +0000},
	Date-Modified = {2017-02-05 13:54:33 +0000},
	Publisher = {AAAI Press},
	Title = {Avdvances in knowledge discovery and data mining},
	Year = {1996}}

@article{IPP,
	Author = {Unknown},
	Date-Added = {2017-02-05 11:18:22 +0000},
	Date-Modified = {2017-02-05 11:21:06 +0000},
	Journal = {Reposit{\'o}rio Cient{\'\i}fico do Instituto Polit{\'e}cnico do Porto},
	Title = {KDD, SEMMA AND CRISP-DM: A PARALLEL OVERVIEW}}

@url{alice,
	Date-Added = {2017-02-04 16:51:40 +0000},
	Date-Modified = {2017-02-04 16:52:54 +0000},
	Title = {Alice im Wunderland},
	Bdsk-Url-1 = {http://gutenberg.spiegel.de/buch/alices-abenteuer-im-wunderland-3389/6}}

@book{MSA:15,
	Author = {Jeff Barnes},
	Date-Added = {2017-02-04 14:15:16 +0000},
	Date-Modified = {2017-02-04 14:17:03 +0000},
	Publisher = {Microsoft Press},
	Title = {Azure Machine Learning},
	Year = {2015}}

@online{NYT:12,
	Author = {Charles Duhigg},
	Date-Added = {2017-02-04 12:37:17 +0000},
	Date-Modified = {2017-02-04 15:11:27 +0000},
	Title = {How Companies Learn Your Secrets},
	Year = {2012},
	Bdsk-Url-1 = {http://www.nytimes.com/2012/02/19/magazine/shopping-habits.html?pagewanted=6&_r=1&hp}}

@book{North:2012,
	Author = {Dr. Matthew North},
	Date-Added = {2017-02-04 09:37:19 +0000},
	Date-Modified = {2017-02-04 09:40:10 +0000},
	Publisher = {CreateSpace Independent Publishing Platform},
	Title = {Data Mining for the Masses},
	Year = {2012}}

@online{SAS:99,
	Author = {Reinhard Str{\"u}by},
	Date-Added = {2017-02-04 12:37:17 +0000},
	Date-Modified = {2017-02-05 11:03:15 +0000},
	Title = {How Companies Learn Your Secrets},
	Year = {1999},
	Bdsk-Url-1 = {http://de.saswiki.org/images/9/92/3.KSFE-1999-Strueby-Data-Mining-mit-der-SEMMA-Methode.pdf}}

@online{KDN,
	Date-Added = {2017-02-04 12:37:17 +0000},
	Date-Modified = {2017-02-05 14:17:00 +0000},
	Title = {What main methodology are you using for your analytics, data mining, or data science projects ?},
	Year = {2014},
	Bdsk-Url-1 = {http://www.kdnuggets.com/2014/10/crisp-dm-top-methodology-analytics-data-mining-data-science-projects.html}}
